@ARTICLE{ref1,
  author = {Uthor1, A. and Uthor2, A.},
  title = {Title of example paper 1},
  journal = {Journal},
  volume = {Volume},
  number = {Number},
  pages = {Pages},
  year = {Year},
  doi = {0000.000000}
}

@BOOK{ref2,
  author = {Uthor3, A. and Uthor4, A. and Uthor5, A.},
  title = {Title of the example book 1},
  series = {Series},
  volume = {Volume},
  publisher = {Publisher},
  address = {Address},
  year = {Year},
  doi = {0000.000000}
}

@TECHREPORT{ref3,
  author = {Uthor5, A. and Uthor6, A. and Uthor7, A.},
  title = {Title of the example arXiv preprint},
  institution = {arXiv},
  type = {e-print},
  number = {0000.00000},
  note = {my.class},
  year = {Year},
  url = {http://arxiv.org/abs/0000.00000}
}

